% ___________________________________________________________________________________________________
% References
@inbook{sims1994,
author = {Jon Sims and James Longuski},
title = {Analysis of V(infinity) leveraging for interplanetary missions},
booktitle = {Astrodynamics Conference},
chapter = {},
pages = {},
doi = {10.2514/6.1994-3769},
URL = {https://arc.aiaa.org/doi/abs/10.2514/6.1994-3769},
eprint = {https://arc.aiaa.org/doi/pdf/10.2514/6.1994-3769}
}
@article{Sims1997,
author = {{Sims, Jon; Longuski, James; Staugler}, Andrew},
journal = {Journal of Guidance, Control, and Dynamics},
number = {3},
pages = {409--415},
title = {V(infinity) Leveraging for Interplanetary Missions Multiple-Revolutuion Orbit Techniques},
volume = {20},
year = {1997}
}
